@online{OneCamPipe,
	author = {tmx3},
	title = {{How to "tee" multiple video streams}},
	month = {January 06},
	year = {2018},
	howpublished = "\url{https://devtalk.nvidia.com/default/topic/1028329/jetson-tx2/how-to-quot-tee-quot-multiple-video-streams-/}"
}
@online{TwoCamPipe,
	author = {RidgeRun},
	title = {{Sony IMX219 Linux driver for Tegra X1}},
	month = {December 25},
	year = {2017},
	howpublished = "\url{http://developer.ridgerun.com/wiki/index.php?title=Sony_IMX219_Linux_driver_for_Tegra_X1#Nvcamerasrc}"
}
@online{Stitcher,
  	author = "OpenCV",
	title = "OpenCV 3.3.0 Documentation",
	month = "August 4",
	year = "2017",
	howpublished = "\url{https://docs.opencv.org/3.3.0/d2/d8d/classcv_1_1Stitcher.html#a6c2bc426c1f6ae0bcb45d8f8aa501b6b}"
}

