@online{Webpage,
	author = {Mr. Smart},
	title = {{I know things}},
	month = {December},
	year = {2017},
	howpublished = "\url{https://www.oregonstate.edu}"
}