@online{CSubDia,
	author = {Ian Stewart},
	title = {{Getting Started with the JetPack Camera API}},
	month = {November 10},
	year = {2016},
	howpublished = "\url{http://on-demand.gputechconf.com/gtc/2016/webinar/getting-started-jetpack-camera-api.pdf}"
}
@online{GStmUG,
	author = {NVIDIA},
	title = {{Accelerated GStreamer for Tegra X2 User Guide}},
	month = {July 20},
	year = {2017},
	howpublished = "\url{https://developer.nvidia.com/embedded/downloads}"
}