@online{OneCamPipe,
	author = {tmx3},
	title = {{How to "tee" multiple video streams}},
	month = {January 06},
	year = {2018},
	howpublished = "\url{https://devtalk.nvidia.com/default/topic/1028329/jetson-tx2/how-to-quot-tee-quot-multiple-video-streams-/}"
}
@online{TwoCamPipe,
	author = {RidgeRun},
	title = {{Sony IMX219 Linux driver for Tegra X1}},
	month = {December 25},
	year = {2017},
	howpublished = "\url{http://developer.ridgerun.com/wiki/index.php?title=Sony_IMX219_Linux_driver_for_Tegra_X1#Nvcamerasrc}"
}



@online{CSubDia,
	author = {Ian Stewart},
	title = {{Getting Started with the JetPack Camera API}},
	month = {November 10},
	year = {2016},
	howpublished = "\url{http://on-demand.gputechconf.com/gtc/2016/webinar/getting-started-jetpack-camera-api.pdf}"
}
@online{GStmUG,
	author = {NVIDIA},
	title = {{Accelerated GStreamer for Tegra X2 User Guide}},
	month = {July 20},
	year = {2017},
	howpublished = "\url{https://developer.nvidia.com/embedded/downloads}"
}


@online{ ffmpeg,
    author = {ffmpeg.org},
    title = {fmpeg Documentation},
    month = {November},
    year = {2017},
    howpublished = "\url{https://ffmpeg.org}"
}
@online{ mplay,
    author = {MPlayer Team},
    title = {MPlayer Features},
    year = {2001},
    howpublished = "\url{http://www.mplayerhq.hu/design7/news.html}"
}
@online{ gstreamer,
    author = {freedesktop.org},
    title = {About GStreamer},
    year = {2012},
    howpublished = "\url{https://gstreamer.freedesktop.org}"
}
@online{ nvidia,
    author = {NVIDIA DEVELOPER},
    title = {FFmpeg/libav},
    year = {2015},
    howpublished = "\url{https://developer.nvidia.com/ffmpeg}"
}
@online{ shader,
    author = {George Koharchik},
    title = {Image Processing with OpenGL and Shaders},
    month = {November},
    year = {2010},
    howpublished = "\url{http://www.linuxjournal.com}"
}




@online{i2cBus,
    author = {NXP Semiconductors},
    title = {I2C-bus specification and user manual},
    month = {April},
    year = {2014},
    howpublished = "\url{https://www.nxp.com/docs/en/user-guide/UM10204.pdf}"
}

@online{JavaME,
    author = {Oracle},
    title = {Oracle Java ME Embedded Developer's Guide},
    year = {2012, 2014},
    howpublished = "\url{https://docs.oracle.com/javame/8.0/me-dev-guide/gpio.htm}"
}

@online{ARM,
    author = {Ubuntu},
    title = {Ubuntu ARM},
    month = {May},
    year = {2015},
    howpublished = "\url{https://wiki.ubuntu.com/ARM}"
}

@online{introROS,
    author = {Open Source Robotics Foundation},
    title = {ROS Introduction},
    month = {May},
    year = {2014},
    howpublished = "\url{http://wiki.ros.org/ROS/Introduction}"
}

@online{jetsonSoft,
    author = {eLinux},
    title = {Jetson TX2},
    month = {May},
    year = {2018},
    howpublished = "\url{https://elinux.org/Jetson_TX2#Software_Support}"
}







@online{TK1Wiki,
	author = {eLinux.org},
	title = {{Jetson TK1}},
	month = {July},
	year = {2017},
	howpublished = "\url{https://elinux.org/Jetson_TK1}"
}
@online{TK1Power,
	author = {eLinux.org},
	title = {{Jetson/Jetson TK1 Power}},
	month = {May},
	year = {2016},
	howpublished = "\url{https://elinux.org/Jetson/Jetson_TK1_Power}"
}
@online{TK1Rev,
	author = {Gareth Halfacree},
	title = {{Nvidia Jetson TK1 review}},
	month = {July},
	year = {2014},
	howpublished = "\url{http://www.itpro.co.uk/desktop-hardware/22731/nvidia-jetson-tk1-review}"
}
@online{TX1PS,
	author = {NVIDIA},
	title = {{NVIDIA Jetson TX1 System-on-Module Full-Featured Module for Intelligent Devices}},
	month = {October},
	year = {2016},
	howpublished = "\url{http://static6.arrow.com/aropdfconversion/f4fa7050e22ebd520fe46a7faef5ad06eaba27fe/2jtx1-module-product-sheet.pdf}"
}
@online{TX2DS,
	author = {NVIDIA},
	title = {{Data Sheet NVIDIA Jetson TX1 System-on-Module, Version 1.1}},
	month = {June},
	year = {2017},
	howpublished = "\url{https://developer.nvidia.com/embedded/downloads}"
}
@online{TegraK1,
	author = {Elif Albuz},
	title = {{Image \& Vision Processing on Tegra K1}},
	howpublished = "\url{http://on-demand.gputechconf.com/siggraph/2014/presentation/SG4122-Image-Vision-Processing-Tegra.pdf}"
}
@online{JetsonFAQ,
	author = {NVIDIA},
	title = {{Jetson FAQ}},
	year = {2017},
	howpublished = "\url{https://developer.nvidia.com/embedded/faq}"
}
@online{TK12Comp,
	author = {Dustin Franklin},
	title = {{NVIDIA Jetson TX2 Delivers Twice the Intelligence to the Edge}},
	month = {March},
	year = {2017},
	howpublished = "\url{https://devblogs.nvidia.com/parallelforall/jetson-tx2-delivers-twice-intelligence-edge/}"
}
@online{JetsonTK1,
	author = {NVIDIA},
	title = {{Jetson TK1 - Unlock the power of the GPU for embedded systems applications}},
	year = {2017},
	howpublished = "\url{http://www.nvidia.com/object/jetson-tk1-embedded-dev-kit.html}"
}
@online{RPiHDWR,
	author = {{Raspberry Pi Foundation}},
	title = {{Raspberry Pi Hardware}},
	howpublished = "\url{https://www.raspberrypi.org/documentation/hardware/raspberrypi/}"
}
@online{KeplerArch,
	author = {NVIDIA},
	title = {{Kepler - The World's Fastest, Most Efficient HPC Architecture}},
	year = {2017},
	howpublished = "\url{http://www.nvidia.com/object/nvidia-kepler.html}"
}
@online{TK1L4T,
	author = {NVIDIA},
	title = {{Linux for Tegra R21.6}},
	year = {2017},
	howpublished = "\url{https://developer.nvidia.com/linux-tegra-r216}"
}
@online{TX1Wiki,
	author = {eLinux.org},
	title = {{Jetson TX1}},
	month = {November},
	year = {2017},
	howpublished = "\url{https://elinux.org/Jetson_TX1}"
}
@online{JetsonGenius,
	author = {NVIDIA},
	title = {{A Little Genius Goes a Long Way}},
	year = {2017},
	howpublished = "\url{http://www.nvidia.com/object/embedded-systems-dev-kits-modules.html}"
}
@online{JetPack,
	author = {NVIDIA},
	title = {{JetPack}},
	year = {2017},
	howpublished = "\url{https://developer.nvidia.com/embedded/jetpack}"
}
@online{LinuxDot,
	author = {Ben Martin},
	title = {{The NVIDIA Jetson TX1 Developer Kit: A Tiny, Low Power, Ultra Fast Computer}},
	month = {August},
	year = {2016},
	howpublished = "\url{https://www.linux.com/learn/nvidia-jetson-tx1-developer-kit-tiny-low-power-ultra-fast-computer%20}"
}
@online{JetPackRel,
	author = {{NVIDIA}},
	title = {{JetPack 3.1 Release Notes}},
	year = {2017},
	howpublished = "\url{https://developer.nvidia.com/embedded/jetpack-notes}"
}
@online{TX2Wiki,
	author = {{eLinux.org}},
	title = {{Jetson TX2}},
	month = {November},
	year = {2017},
	howpublished = "\url{https://elinux.org/Jetson_TX2}"
}
@online{TechnoByte,
	author = {{Umair Hussaini}},
	title = {{NVIDIA's Jetson TX2 is a powerful board for local on-board Machine Learning applications}},
	month = {September},
	year = {2017},
	howpublished = "\url{https://www.technobyte.org/nvidias-jetson-tx2-powerful-board-local-onboard-machine-learning-AI/}"
}
@online{ToradexSBC,
	author = {{Toradex}},
	title = {{Carrier Board/Single Board Computer (SBC)}},
	year = {2017},
	howpublished = "\url{https://www.toradex.com/carrier-boards-for-system-computer-on-module}"
}
@online{ToradexCBQ,
	author = {{Toradex}},
	title = {{What is a Carrier Board?}},
	howpublished = "\url{https://sites.google.com/site/toradexcomputermodules/difference-between-a-com-and-a-som}"
}
@online{ArrowCB,
	author = {{Arrow}},
	title = {{Carrier Cards and Carrier Boards}},
	year = {2017},
	howpublished = "\url{https://www.arrow.com/en/categories/computer-products/applied-computing-and-embedded-systems/carrier-cards-and-carrier-boards}"
}
@online{MIPIOverview,
	author = {{MIPI Alliance}},
	title = {{MIPI Camera Serial Interface 2 (MIPI CSI-2)}},
	year = {2017},
	howpublished = "\url{https://www.mipi.org/specifications/csi-2}"
}
@online{JetsonCams,
	author = {{eLinux.org}},
	title = {{Jetson/Cameras}},
	month = {November},
	year = {2017},
	howpublished = "\url{https://elinux.org/Jetson/Cameras}"
}
@online{AuvideaJ106,
	author = {{Auvidea GmbH}},
	title = {{J106 Technical Reference, version 1.0}},
	month = {March},
	year = {2017},
	howpublished = "\url{https://auvidea.com/download/manual/J106/J106_technical_reference_1.0.pdf}"
}
@online{MouserJ106,
	author = {{Mouser Electronics}},
	title = {{Auvidea 70703}},
	year = {2017},
	howpublished = "\url{https://www.mouser.com/ProductDetail/Auvidea/70703/?qs=sGAEpiMZZMs0fw8NKXXba%252bhxyC94s8TH5ojmR1IWd5syIqzinG1hvw%3d%3d}"
}
@online{AuvideaMBoards,
	author = {{Auvidea GmbH}},
	title = {{M90, M100, M110 Technical Reference, version 1.1}},
	month = {March},
	year = {2017},
	howpublished = "\url{https://auvidea.com/download/manual/M100/M90_M100_M110_technical_reference_1.1.pdf}"
}
@online{CEIXpdf,
	author = {{Colorado Engineering, Inc}},
	title = {{X Carrier, Rev 5}},
	howpublished = "\url{https://coloradoengineering.com/wp-content/uploads/2017/09/X-Carrier-Rev-5.pdf}"
}
@online{CEIX,
	author = {{Colorado Engineering, Inc}},
	title = {{X-Carrier}},
	howpublished = "\url{https://coloradoengineering.com/standard-products/x-carrier/}"
}
@online{AuvideaJ20,
	author = {{Auvidea GmbH}},
	title = {{J20-2 add-on module with 6x CSI-2}},
	year = {2017},	
	howpublished = "\url{https://auvidea.com/product/70723/}"
}
@online{J20TechRef,
	author = {{Auvidea GmbH}},
	title = {{J20 Technical Reference Manual, version 1.0}},
	month = {November},
	year = {2016},
	howpublished = "\url{https://auvidea.com/download/manual/J20/J20_technical_reference_1.0.pdf}"
}
@online{SpacelyUG,
	author = {{Connect Tech Inc.}},
	title = {{Spacely Carrier for Jetson TX2 and Jetson TX1, Users Guide, Rev 0.07}},
	month = {September},
	year = {2017},
	howpublished = "\url{http://connecttech.com/pdf/CTIM-ASG006_Manual.pdf}"
}
@email{SpacelyQuote,
	author = {Michele Kasza},
	title = {{RE: Spacely Carrier Price}},
	month = {Personal Email (November 20,},
	year = {2017)},
}
@email{CEIQuote,
	author = {Jasmine Cooper},
	title = {{RE: X-Carrier OEM Quantities}},
	month = {Personal Email (November 20,},
	year = {2017)},
}
@email{AuvideaQuote,
	author = {Sandra Wallner},
	title = {{RE: Large Orders for the J106, M100, M110, J20-2 boards}},
	month = {Personal Email (November 20,},
	year = {2017)},
}
@online{AdjCamMt,
	author = {{Adafruit}},
	title = {{Adjustable Pi Camera Mount}},
	year = {2017},
	howpublished = "\url{https://www.adafruit.com/product/1434}"
}
@online{BlueCase,
	author = {{Amazon}},
	title = {{Raspberry Pi Camera Case / Enclouser - Blue Transparent assemble in 30 secs}},
	year = {2017},
	howpublished = "\url{https://www.amazon.com/Raspberry-Camera-Case-Enclouser-Transparent/dp/B00IJZJWTI/ref=pd_lpo_vtph_147_lp_t_2?_encoding=UTF8&psc=1&refRID=P10JT6KY36QD6Q0RFS7M}"
}
@online{adafruitCase,
	author = {{Adafruit}},
	title = {{Adafruit Raspberry Pi Camera Board Case with 1/4" Tripot Mount}},
	year = {2017},
	howpublished = "\url{https://www.adafruit.com/product/3253?gclid=EAIaIQobChMI04b6lYHP1wIVCspkCh30WwR8EAYYASABEgJ5g_D_BwE}"
}






